<<<<<<< HEAD
@inproceedings{huang2023qualifier,
	author = {Huang, Zixian and Zhou, Jiaying and Niu, Chenxu and Cheng, Gong},
	title = {Spans, Not Tokens: A Span-Centric Model for Multi-Span Reading Comprehension},
	year = {2023},
	isbn = {9798400701245},
	publisher = {Association for Computing Machinery},
	address = {New York, NY, USA},
	url = {https://doi.org/10.1145/3583780.3615064},
	doi = {10.1145/3583780.3615064},
	booktitle = {Proceedings of the 32nd ACM International Conference on Information and Knowledge Management},
	pages = {874–884},
	numpages = {11},
	keywords = {MSRC, question answering, multi-span reading comprehension},
	location = {<conf-loc>, <city>Birmingham</city>, <country>United Kingdom</country>, </conf-loc>},
	series = {CIKM '23}
}

@article{lee2023liquid,
	title={LIQUID: A Framework for List Question Answering Dataset Generation},
	author={Lee, Seongyun and Kim, Hyunjae and Kang, Jaewoo},
	journal={arXiv preprint arXiv:2302.01691},
	year={2023}
}

@inproceedings{segal2020simple,
	title={A Simple and Effective Model for Answering Multi-span Questions},
	author={Segal, Elad and Efrat, Avia and Shoham, Mor and Globerson, Amir and Berant, Jonathan},
	booktitle={Proceedings of the 2020 Conference on Empirical Methods in Natural Language Processing (EMNLP)},
	pages={3074--3080},
	year={2020}
}

@inproceedings{li2022multispanqa,
	title={MultiSpanQA: A Dataset for Multi-Span Question Answering},
	author={Li, Haonan and Tomko, Martin and Vasardani, Maria and Baldwin, Timothy},
	booktitle={Proceedings of the 2022 Conference of the North American Chapter of the Association for Computational Linguistics: Human Language Technologies},
	pages={1250--1260},
	year={2022}
}
@inproceedings{DBLP:conf/emnlp/ZhuAJ0R20,
	author       = {Ming Zhu and
	Aman Ahuja and
	Da{-}Cheng Juan and
	Wei Wei and
	Chandan K. Reddy},
	editor       = {Trevor Cohn and
	Yulan He and
	Yang Liu},
	title        = {Question Answering with Long Multiple-Span Answers},
	booktitle    = {Findings of the Association for Computational Linguistics: {EMNLP}
	2020, Online Event, 16-20 November 2020},
	series       = {Findings of {ACL}},
	volume       = {{EMNLP} 2020},
	pages        = {3840--3849},
	year         = {2020}
}
@inproceedings{DBLP:conf/aaai/PangLGXSC19,
	author       = {Liang Pang and
	Yanyan Lan and
	Jiafeng Guo and
	Jun Xu and
	Lixin Su and
	Xueqi Cheng},
	title        = {{HAS-QA:} Hierarchical Answer Spans Model for Open-Domain Question
	Answering},
	booktitle    = {The Thirty-Third {AAAI} Conference on Artificial Intelligence, {AAAI}
	2019, Honolulu, Hawaii, USA, January 27 - February 1, 2019},
	pages        = {6875--6882},
	publisher    = {{AAAI} Press},
	year         = {2019}
}

@article{radford2018improving,
	title={Improving language understanding by generative pre-training},
	author={Radford, Alec and Narasimhan, Karthik and Salimans, Tim and Sutskever, Ilya and others},
	year={2018},
	publisher={OpenAI}
}

@inproceedings{kenton2019bert,
	title={BERT: Pre-training of Deep Bidirectional Transformers for Language Understanding},
	author={Kenton, Jacob Devlin Ming-Wei Chang and Toutanova, Lee Kristina},
	booktitle={Proceedings of NAACL-HLT},
	pages={4171--4186},
	year={2019}
}

@article{liu2019roberta,
	title={Roberta: A robustly optimized bert pretraining approach},
	author={Liu, Yinhan and Ott, Myle and Goyal, Naman and Du, Jingfei and Joshi, Mandar and Chen, Danqi and Levy, Omer and Lewis, Mike and Zettlemoyer, Luke and Stoyanov, Veselin},
	journal={arXiv preprint arXiv:1907.11692},
	year={2019}
}
@article{yoon2022,
	author       = {Wonjin Yoon and
	Richard Jackson and
	Aron Lagerberg and
	Jaewoo Kang},
	title        = {Sequence tagging for biomedical extractive question answering},
	journal      = {Bioinform.},
	volume       = {38},
	number       = {15},
	pages        = {3794--3801},
	year         = {2022}
}

@article{DBLP:journals/bmcbi/NaseemDKK22,
	author       = {Usman Naseem and
	Adam G. Dunn and
	Matloob Khushi and
	Jinman Kim},
	title        = {Benchmarking for biomedical natural language processing tasks with
	a domain specific {ALBERT}},
	journal      = {{BMC} Bioinform.},
	volume       = {23},
	number       = {1},
	pages        = {144},
	year         = {2022}
}

@article{hu2023biomedical,
	title={Biomedical extractive question answering based on dynamic routing and answer voting},
	author={Hu, Zhongjian and Yang, Peng and Li, Bing and Sun, Yuankang and Yang, Biao},
	journal={Information Processing \& Management},
	volume={60},
	number={4},
	pages={103367},
	year={2023},
	publisher={Elsevier}
}

@article{DBLP:journals/ipm/LiaoDWL22,
	author       = {Guoqiong Liao and
	Xiaobin Deng and
	Changxuan Wan and
	Xiping Liu},
	title        = {Group event recommendation based on graph multi-head attention network
	combining explicit and implicit information},
	journal      = {Information Processing \& Management},
	volume       = {59},
	number       = {2},
	pages        = {102797},
	year         = {2022}
}

@article{gu2021domain,
	title={Domain-specific language model pretraining for biomedical natural language processing},
	author={Gu, Yu and Tinn, Robert and Cheng, Hao and Lucas, Michael and Usuyama, Naoto and Liu, Xiaodong and Naumann, Tristan and Gao, Jianfeng and Poon, Hoifung},
	journal={ACM Transactions on Computing for Healthcare (HEALTH)},
	volume={3},
	number={1},
	pages={1--23},
	year={2021}
}

@article{lee2020biobert,
	title={BioBERT: a pre-trained biomedical language representation model for biomedical text mining},
	author={Lee, Jinhyuk and Yoon, Wonjin and Kim, Sungdong and Kim, Donghyeon and Kim, Sunkyu and So, Chan Ho and Kang, Jaewoo},
	journal={Bioinformatics},
	volume={36},
	number={4},
	pages={1234--1240},
	year={2020}
}

@article{DBLP:journals/ipm/MalhasE22,
	author       = {Rana Malhas and
	Tamer Elsayed},
	title        = {Arabic machine reading comprehension on the Holy Qur'an using CL-AraBERT},
	journal      = {Information Processing \& Management},
	volume       = {59},
	number       = {6},
	pages        = {103068},
	year         = {2022}
}

@article{DBLP:journals/ipm/Liu0GC23,
	author       = {Qian Liu and
	Rui Mao and
	Xiubo Geng and
	Erik Cambria},
	title        = {Semantic matching in machine reading comprehension: An empirical study},
	journal      = {Information Processing \& Management},
	volume       = {60},
	number       = {2},
	pages        = {103145},
	year         = {2023}
}

@inproceedings{rajpurkar2016squad,
	title={SQuAD: 100,000+ Questions for Machine Comprehension of Text},
	author={Rajpurkar, Pranav and Zhang, Jian and Lopyrev, Konstantin and Liang, Percy},
	booktitle={Proceedings of the 2016 Conference on Empirical Methods in Natural Language Processing},
	pages={2383--2392},
	year={2016}
}

@inproceedings{rajpurkar2018know,
	title={Know What You Don’t Know: Unanswerable Questions for SQuAD},
	author={Rajpurkar, Pranav and Jia, Robin and Liang, Percy},
	booktitle={Proceedings of the 56th Annual Meeting of the Association for Computational Linguistics (Volume 2: Short Papers)},
	pages={784--789},
	year={2018}
}

@inproceedings{DBLP:conf/acl/KadlecSBK16,
	author       = {Rudolf Kadlec and
	Martin Schmid and
	Ondrej Bajgar and
	Jan Kleindienst},
	title        = {Text Understanding with the Attention Sum Reader Network},
	booktitle    = {Proceedings of the 54th Annual Meeting of the Association for Computational
	Linguistics, {ACL} 2016, August 7-12, 2016, Berlin, Germany, Volume
	1: Long Papers},
	year         = {2016}
}

@inproceedings{DBLP:conf/emnlp/TrischlerYYBSS16,
	author       = {Adam Trischler and
	Zheng Ye and
	Xingdi Yuan and
	Philip Bachman and
	Alessandro Sordoni and
	Kaheer Suleman},
	title        = {Natural Language Comprehension with the EpiReader},
	booktitle    = {Proceedings of the 2016 Conference on Empirical Methods in Natural
	Language Processing, {EMNLP} 2016, Austin, Texas, USA, November 1-4,
	2016},
	pages        = {128--137},
	year         = {2016}
}

@inproceedings{DBLP:conf/iclr/SeoKFH17,
	author       = {Min Joon Seo and
	Aniruddha Kembhavi and
	Ali Farhadi and
	Hannaneh Hajishirzi},
	title        = {Bidirectional Attention Flow for Machine Comprehension},
	booktitle    = {5th International Conference on Learning Representations, {ICLR} 2017,
	Toulon, France, April 24-26, 2017, Conference Track Proceedings},
	year         = {2017}
}

@inproceedings{DBLP:conf/acl/JoshiCWZ17,
	author    = {Mandar Joshi and
	Eunsol Choi and
	Daniel S. Weld and
	Luke Zettlemoyer},
	title     = {TriviaQA: {A} Large Scale Distantly Supervised Challenge Dataset for
	Reading Comprehension},
	booktitle = {Proceedings of the 55th Annual Meeting of the Association for Computational
	Linguistics, {ACL} 2017, Vancouver, Canada, July 30 - August 4, Volume
	1: Long Papers},
	pages     = {1601--1611},
	year      = {2017}
}

@article{DBLP:journals/corr/DunnSHGCC17,
	author    = {Matthew Dunn and
	Levent Sagun and
	Mike Higgins and
	V. Ugur G{\"{u}}ney and
	Volkan Cirik and
	Kyunghyun Cho},
	title     = {SearchQA: {A} New Q{\&}A Dataset Augmented with Context from a
	Search Engine},
	journal   = {CoRR},
	volume    = {abs/1704.05179},
	year      = {2017}
}

@inproceedings{DBLP:conf/emnlp/ChoiHIYYCLZ18,
	author    = {Eunsol Choi and
	He He and
	Mohit Iyyer and
	Mark Yatskar and
	Wen{-}tau Yih and
	Yejin Choi and
	Percy Liang and
	Luke Zettlemoyer},
	title     = {QuAC: Question Answering in Context},
	booktitle = {Proceedings of the 2018 Conference on Empirical Methods in Natural
	Language Processing, Brussels, Belgium, October 31 - November 4, 2018},
	pages     = {2174--2184},
	year      = {2018}
}



@inproceedings{yang2018hotpotqa,
	title={HotpotQA: A Dataset for Diverse, Explainable Multi-hop Question Answering},
	author={Yang, Zhilin and Qi, Peng and Zhang, Saizheng and Bengio, Yoshua and Cohen, William and Salakhutdinov, Ruslan and Manning, Christopher D},
	booktitle={Proceedings of the 2018 Conference on Empirical Methods in Natural Language Processing},
	pages={2369--2380},
	year={2018}
}

@article{DBLP:journals/tacl/KwiatkowskiPRCP19,
	author    = {Tom Kwiatkowski and
	Jennimaria Palomaki and
	Olivia Redfield and
	Michael Collins and
	Ankur P. Parikh and
	Chris Alberti and
	Danielle Epstein and
	Illia Polosukhin and
	Jacob Devlin and
	Kenton Lee and
	Kristina Toutanova and
	Llion Jones and
	Matthew Kelcey and
	Ming{-}Wei Chang and
	Andrew M. Dai and
	Jakob Uszkoreit and
	Quoc Le and
	Slav Petrov},
	title     = {Natural Questions: a Benchmark for Question Answering Research},
	journal   = {Trans. Assoc. Comput. Linguistics},
	volume    = {7},
	pages     = {452--466},
	year      = {2019}
}

@inproceedings{DBLP:conf/naacl/DuaWDSS019,
	author    = {Dheeru Dua and
	Yizhong Wang and
	Pradeep Dasigi and
	Gabriel Stanovsky and
	Sameer Singh and
	Matt Gardner},
	title     = {{DROP:} {A} Reading Comprehension Benchmark Requiring Discrete Reasoning
	Over Paragraphs},
	booktitle = {Proceedings of the 2019 Conference of the North American Chapter of
	the Association for Computational Linguistics: Human Language Technologies,
	{NAACL-HLT} 2019, Minneapolis, MN, USA, June 2-7, 2019, Volume 1 (Long
	and Short Papers)},
	pages     = {2368--2378},
	year      = {2019}
}

@inproceedings{DBLP:conf/iclr/Wang017a,
	author       = {Shuohang Wang and
	Jing Jiang},
	title        = {Machine Comprehension Using Match-LSTM and Answer Pointer},
	booktitle    = {5th International Conference on Learning Representations, {ICLR} 2017,
	Toulon, France, April 24-26, 2017, Conference Track Proceedings},
	publisher    = {OpenReview.net},
	year         = {2017}
}

@inproceedings{DBLP:conf/iclr/XiongZS17,
	author       = {Caiming Xiong and
	Victor Zhong and
	Richard Socher},
	title        = {Dynamic Coattention Networks For Question Answering},
	booktitle    = {5th International Conference on Learning Representations, {ICLR} 2017,
	Toulon, France, April 24-26, 2017, Conference Track Proceedings},
	publisher    = {OpenReview.net},
	year         = {2017}
}

@inproceedings{DBLP:conf/nips/VinyalsFJ15,
	author       = {Oriol Vinyals and
	Meire Fortunato and
	Navdeep Jaitly},
	title        = {Pointer Networks},
	booktitle    = {Advances in Neural Information Processing Systems 28: Annual Conference
	on Neural Information Processing Systems 2015, December 7-12, 2015,
	Montreal, Quebec, Canada},
	pages        = {2692--2700},
	year         = {2015}
}

@inproceedings{DBLP:conf/acl/GardnerC18,
	author       = {Christopher Clark and
	Matt Gardner},
	title        = {Simple and Effective Multi-Paragraph Reading Comprehension},
	booktitle    = {Proceedings of the 56th Annual Meeting of the Association for Computational
	Linguistics, {ACL} 2018, Melbourne, Australia, July 15-20, 2018, Volume
	1: Long Papers},
	pages        = {845--855},
	publisher    = {Association for Computational Linguistics},
	year         = {2018}
}


@article{vaswani2017attention,
	title={Attention is all you need},
	author={Vaswani, Ashish and Shazeer, Noam and Parmar, Niki and Uszkoreit, Jakob and Jones, Llion and Gomez, Aidan N and Kaiser, {\L}ukasz and Polosukhin, Illia},
	journal={Advances in neural information processing systems},
	volume={30},
	year={2017}
}

@article{DBLP:journals/tacl/ClarkPNCGCK20,
	author    = {Jonathan H. Clark and
	Jennimaria Palomaki and
	Vitaly Nikolaev and
	Eunsol Choi and
	Dan Garrette and
	Michael Collins and
	Tom Kwiatkowski},
	title     = {TyDi {QA:} {A} Benchmark for Information-Seeking Question Answering
	in Typologically Diverse Languages},
	journal   = {Trans. Assoc. Comput. Linguistics},
	volume    = {8},
	pages     = {454--470},
	year      = {2020}
}

@inproceedings{DBLP:conf/coling/JuWZZ0022,
	author    = {Yiming Ju and
	Weikang Wang and
	Yuanzhe Zhang and
	Suncong Zheng and
	Kang Liu and
	Jun Zhao},
	title     = {{CMQA:} {A} Dataset of Conditional Question Answering with Multiple-Span
	Answers},
	booktitle = {Proceedings of the 29th International Conference on Computational
	Linguistics, {COLING} 2022, Gyeongju, Republic of Korea, October 12-17,
	2022},
	pages     = {1697--1707},
	year      = {2022}
}

@article{zaheer2020big,
	title={Big bird: Transformers for longer sequences},
	author={Zaheer, Manzil and Guruganesh, Guru and Dubey, Kumar Avinava and Ainslie, Joshua and Alberti, Chris and Ontanon, Santiago and Pham, Philip and Ravula, Anirudh and Wang, Qifan and Yang, Li and others},
	journal={Advances in neural information processing systems},
	volume={33},
	pages={17283--17297},
	year={2020}
}
@inproceedings{DBLP:conf/emnlp/DasigiLMSG19,
	author    = {Pradeep Dasigi and
	Nelson F. Liu and
	Ana Marasovic and
	Noah A. Smith and
	Matt Gardner},
	title     = {Quoref: {A} Reading Comprehension Dataset with Questions Requiring
	Coreferential Reasoning},
	booktitle = {Proceedings of the 2019 Conference on Empirical Methods in Natural
	Language Processing and the 9th International Joint Conference on
	Natural Language Processing, {EMNLP-IJCNLP} 2019, Hong Kong, China,
	November 3-7, 2019},
	pages     = {5924--5931},
	year      = {2019}
}
@inproceedings{DBLP:conf/naacl/DevlinCLT19,
	author    = {Jacob Devlin and
	Ming{-}Wei Chang and
	Kenton Lee and
	Kristina Toutanova},
	title     = {{BERT:} Pre-training of Deep Bidirectional Transformers for Language
	Understanding},
	booktitle = {Proceedings of the 2019 Conference of the North American Chapter of
	the Association for Computational Linguistics: Human Language Technologies,
	{NAACL-HLT} 2019, Minneapolis, MN, USA, June 2-7, 2019, Volume 1 (Long
	and Short Papers)},
	pages     = {4171--4186},
	year      = {2019}
}

@article{yoo2021gpt3mix,
  title={GPT3Mix: Leveraging large-scale language models for text augmentation},
  author={Yoo, Kang Min and Park, Dongju and Kang, Jaewook and Lee, Sang-Woo and Park, Woomyeong},
  journal={arXiv preprint arXiv:2104.08826},
  year={2021}
}
@article{liu2021generated,
  title={Generated knowledge prompting for commonsense reasoning},
  author={Liu, Jiacheng and Liu, Alisa and Lu, Ximing and Welleck, Sean and West, Peter and Bras, Ronan Le and Choi, Yejin and Hajishirzi, Hannaneh},
  journal={arXiv preprint arXiv:2110.08387},
  year={2021}
}
@article{liu2022rainier,
  title={Rainier: Reinforced knowledge introspector for commonsense question answering},
  author={Liu, Jiacheng and Hallinan, Skyler and Lu, Ximing and He, Pengfei and Welleck, Sean and Hajishirzi, Hannaneh and Choi, Yejin},
  journal={arXiv preprint arXiv:2210.03078},
  year={2022}
}
@article{yu2022generate,
  title={Generate rather than retrieve: Large language models are strong context generators},
  author={Yu, Wenhao and Iter, Dan and Wang, Shuohang and Xu, Yichong and Ju, Mingxuan and Sanyal, Soumya and Zhu, Chenguang and Zeng, Michael and Jiang, Meng},
  journal={arXiv preprint arXiv:2209.10063},
  year={2022}
}
@article{huang2023enhancing,
  title={Enhancing In-Context Learning with Answer Feedback for Multi-Span Question Answering},
  author={Huang, Zixian and Zhou, Jiaying and Xiao, Gengyang and Cheng, Gong},
  journal={arXiv preprint arXiv:2306.04508},
  year={2023}
}
@article{ren2023investigating,
  title={Investigating the factual knowledge boundary of large language models with retrieval augmentation},
  author={Ren, Ruiyang and Wang, Yuhao and Qu, Yingqi and Zhao, Wayne Xin and Liu, Jing and Tian, Hao and Wu, Hua and Wen, Ji-Rong and Wang, Haifeng},
  journal={arXiv preprint arXiv:2307.11019},
  year={2023}
}
@article{shao2023enhancing,
  title={Enhancing Retrieval-Augmented Large Language Models with Iterative Retrieval-Generation Synergy},
  author={Shao, Zhihong and Gong, Yeyun and Shen, Yelong and Huang, Minlie and Duan, Nan and Chen, Weizhu},
  journal={arXiv preprint arXiv:2305.15294},
  year={2023}
}
@inproceedings{tan2023can,
  title={Can ChatGPT Replace Traditional KBQA Models? An In-Depth Analysis of the Question Answering Performance of the GPT LLM Family},
  author={Tan, Yiming and Min, Dehai and Li, Yu and Li, Wenbo and Hu, Nan and Chen, Yongrui and Qi, Guilin},
  booktitle={International Semantic Web Conference},
  pages={348--367},
  year={2023},
  organization={Springer}
}
@article{zhang2023many,
  title={How Many Answers Should I Give? An Empirical Study of Multi-Answer Reading Comprehension},
  author={Zhang, Chen and Lin, Jiuheng and Liu, Xiao and Lai, Yuxuan and Feng, Yansong and Zhao, Dongyan},
  journal={arXiv preprint arXiv:2306.00435},
  year={2023}
}
@misc{dai2023auggpt,
      title={AugGPT: Leveraging ChatGPT for Text Data Augmentation}, 
      author={Haixing Dai and Zhengliang Liu and Wenxiong Liao and Xiaoke Huang and Yihan Cao and Zihao Wu and Lin Zhao and Shaochen Xu and Wei Liu and Ninghao Liu and Sheng Li and Dajiang Zhu and Hongmin Cai and Lichao Sun and Quanzheng Li and Dinggang Shen and Tianming Liu and Xiang Li},
      year={2023},
      eprint={2302.13007},
      archivePrefix={arXiv},
      primaryClass={cs.CL}
}
@article{wei2023zero,
  title={Zero-shot information extraction via chatting with chatgpt},
  author={Wei, Xiang and Cui, Xingyu and Cheng, Ning and Wang, Xiaobin and Zhang, Xin and Huang, Shen and Xie, Pengjun and Xu, Jinan and Chen, Yufeng and Zhang, Meishan and others},
  journal={arXiv preprint arXiv:2302.10205},
  year={2023}
}
@misc{liu2023once,
      title={ONCE: Boosting Content-based Recommendation with Both Open- and Closed-source Large Language Models}, 
      author={Qijiong Liu and Nuo Chen and Tetsuya Sakai and Xiao-Ming Wu},
      year={2023},
      eprint={2305.06566},
      archivePrefix={arXiv},
      primaryClass={cs.IR}
}
@article{fang2021leveraging,
  title={Leveraging knowledge in multilingual commonsense reasoning},
  author={Fang, Yuwei and Wang, Shuohang and Xu, Yichong and Xu, Ruochen and Sun, Siqi and Zhu, Chenguang and Zeng, Michael},
  journal={arXiv preprint arXiv:2110.08462},
  year={2021}
}
@article{liu2021generated,
  title={Generated knowledge prompting for commonsense reasoning},
  author={Liu, Jiacheng and Liu, Alisa and Lu, Ximing and Welleck, Sean and West, Peter and Bras, Ronan Le and Choi, Yejin and Hajishirzi, Hannaneh},
  journal={arXiv preprint arXiv:2110.08387},
  year={2021}
=======
@inproceedings{huang2023qualifier,
	author = {Huang, Zixian and Zhou, Jiaying and Niu, Chenxu and Cheng, Gong},
	title = {Spans, Not Tokens: A Span-Centric Model for Multi-Span Reading Comprehension},
	year = {2023},
	isbn = {9798400701245},
	publisher = {Association for Computing Machinery},
	address = {New York, NY, USA},
	url = {https://doi.org/10.1145/3583780.3615064},
	doi = {10.1145/3583780.3615064},
	booktitle = {Proceedings of the 32nd ACM International Conference on Information and Knowledge Management},
	pages = {874–884},
	numpages = {11},
	keywords = {MSRC, question answering, multi-span reading comprehension},
	location = {<conf-loc>, <city>Birmingham</city>, <country>United Kingdom</country>, </conf-loc>},
	series = {CIKM '23}
}

@article{lee2023liquid,
	title={LIQUID: A Framework for List Question Answering Dataset Generation},
	author={Lee, Seongyun and Kim, Hyunjae and Kang, Jaewoo},
	journal={arXiv preprint arXiv:2302.01691},
	year={2023}
}

@inproceedings{segal2020simple,
	title={A Simple and Effective Model for Answering Multi-span Questions},
	author={Segal, Elad and Efrat, Avia and Shoham, Mor and Globerson, Amir and Berant, Jonathan},
	booktitle={Proceedings of the 2020 Conference on Empirical Methods in Natural Language Processing (EMNLP)},
	pages={3074--3080},
	year={2020}
}

@inproceedings{li2022multispanqa,
	title={MultiSpanQA: A Dataset for Multi-Span Question Answering},
	author={Li, Haonan and Tomko, Martin and Vasardani, Maria and Baldwin, Timothy},
	booktitle={Proceedings of the 2022 Conference of the North American Chapter of the Association for Computational Linguistics: Human Language Technologies},
	pages={1250--1260},
	year={2022}
}
@inproceedings{DBLP:conf/emnlp/ZhuAJ0R20,
	author       = {Ming Zhu and
	Aman Ahuja and
	Da{-}Cheng Juan and
	Wei Wei and
	Chandan K. Reddy},
	editor       = {Trevor Cohn and
	Yulan He and
	Yang Liu},
	title        = {Question Answering with Long Multiple-Span Answers},
	booktitle    = {Findings of the Association for Computational Linguistics: {EMNLP}
	2020, Online Event, 16-20 November 2020},
	series       = {Findings of {ACL}},
	volume       = {{EMNLP} 2020},
	pages        = {3840--3849},
	year         = {2020}
}
@inproceedings{DBLP:conf/aaai/PangLGXSC19,
	author       = {Liang Pang and
	Yanyan Lan and
	Jiafeng Guo and
	Jun Xu and
	Lixin Su and
	Xueqi Cheng},
	title        = {{HAS-QA:} Hierarchical Answer Spans Model for Open-Domain Question
	Answering},
	booktitle    = {The Thirty-Third {AAAI} Conference on Artificial Intelligence, {AAAI}
	2019, Honolulu, Hawaii, USA, January 27 - February 1, 2019},
	pages        = {6875--6882},
	publisher    = {{AAAI} Press},
	year         = {2019}
}

@article{radford2018improving,
	title={Improving language understanding by generative pre-training},
	author={Radford, Alec and Narasimhan, Karthik and Salimans, Tim and Sutskever, Ilya and others},
	year={2018},
	publisher={OpenAI}
}

@inproceedings{kenton2019bert,
	title={BERT: Pre-training of Deep Bidirectional Transformers for Language Understanding},
	author={Kenton, Jacob Devlin Ming-Wei Chang and Toutanova, Lee Kristina},
	booktitle={Proceedings of NAACL-HLT},
	pages={4171--4186},
	year={2019}
}

@article{liu2019roberta,
	title={Roberta: A robustly optimized bert pretraining approach},
	author={Liu, Yinhan and Ott, Myle and Goyal, Naman and Du, Jingfei and Joshi, Mandar and Chen, Danqi and Levy, Omer and Lewis, Mike and Zettlemoyer, Luke and Stoyanov, Veselin},
	journal={arXiv preprint arXiv:1907.11692},
	year={2019}
}
@article{yoon2022,
	author       = {Wonjin Yoon and
	Richard Jackson and
	Aron Lagerberg and
	Jaewoo Kang},
	title        = {Sequence tagging for biomedical extractive question answering},
	journal      = {Bioinform.},
	volume       = {38},
	number       = {15},
	pages        = {3794--3801},
	year         = {2022}
}

@article{DBLP:journals/bmcbi/NaseemDKK22,
	author       = {Usman Naseem and
	Adam G. Dunn and
	Matloob Khushi and
	Jinman Kim},
	title        = {Benchmarking for biomedical natural language processing tasks with
	a domain specific {ALBERT}},
	journal      = {{BMC} Bioinform.},
	volume       = {23},
	number       = {1},
	pages        = {144},
	year         = {2022}
}

@article{hu2023biomedical,
	title={Biomedical extractive question answering based on dynamic routing and answer voting},
	author={Hu, Zhongjian and Yang, Peng and Li, Bing and Sun, Yuankang and Yang, Biao},
	journal={Information Processing \& Management},
	volume={60},
	number={4},
	pages={103367},
	year={2023},
	publisher={Elsevier}
}

@article{DBLP:journals/ipm/LiaoDWL22,
	author       = {Guoqiong Liao and
	Xiaobin Deng and
	Changxuan Wan and
	Xiping Liu},
	title        = {Group event recommendation based on graph multi-head attention network
	combining explicit and implicit information},
	journal      = {Information Processing \& Management},
	volume       = {59},
	number       = {2},
	pages        = {102797},
	year         = {2022}
}

@article{gu2021domain,
	title={Domain-specific language model pretraining for biomedical natural language processing},
	author={Gu, Yu and Tinn, Robert and Cheng, Hao and Lucas, Michael and Usuyama, Naoto and Liu, Xiaodong and Naumann, Tristan and Gao, Jianfeng and Poon, Hoifung},
	journal={ACM Transactions on Computing for Healthcare (HEALTH)},
	volume={3},
	number={1},
	pages={1--23},
	year={2021}
}

@article{lee2020biobert,
	title={BioBERT: a pre-trained biomedical language representation model for biomedical text mining},
	author={Lee, Jinhyuk and Yoon, Wonjin and Kim, Sungdong and Kim, Donghyeon and Kim, Sunkyu and So, Chan Ho and Kang, Jaewoo},
	journal={Bioinformatics},
	volume={36},
	number={4},
	pages={1234--1240},
	year={2020}
}

@article{DBLP:journals/ipm/MalhasE22,
	author       = {Rana Malhas and
	Tamer Elsayed},
	title        = {Arabic machine reading comprehension on the Holy Qur'an using CL-AraBERT},
	journal      = {Information Processing \& Management},
	volume       = {59},
	number       = {6},
	pages        = {103068},
	year         = {2022}
}

@article{DBLP:journals/ipm/Liu0GC23,
	author       = {Qian Liu and
	Rui Mao and
	Xiubo Geng and
	Erik Cambria},
	title        = {Semantic matching in machine reading comprehension: An empirical study},
	journal      = {Information Processing \& Management},
	volume       = {60},
	number       = {2},
	pages        = {103145},
	year         = {2023}
}

@inproceedings{rajpurkar2016squad,
	title={SQuAD: 100,000+ Questions for Machine Comprehension of Text},
	author={Rajpurkar, Pranav and Zhang, Jian and Lopyrev, Konstantin and Liang, Percy},
	booktitle={Proceedings of the 2016 Conference on Empirical Methods in Natural Language Processing},
	pages={2383--2392},
	year={2016}
}

@inproceedings{rajpurkar2018know,
	title={Know What You Don’t Know: Unanswerable Questions for SQuAD},
	author={Rajpurkar, Pranav and Jia, Robin and Liang, Percy},
	booktitle={Proceedings of the 56th Annual Meeting of the Association for Computational Linguistics (Volume 2: Short Papers)},
	pages={784--789},
	year={2018}
}

@inproceedings{DBLP:conf/acl/KadlecSBK16,
	author       = {Rudolf Kadlec and
	Martin Schmid and
	Ondrej Bajgar and
	Jan Kleindienst},
	title        = {Text Understanding with the Attention Sum Reader Network},
	booktitle    = {Proceedings of the 54th Annual Meeting of the Association for Computational
	Linguistics, {ACL} 2016, August 7-12, 2016, Berlin, Germany, Volume
	1: Long Papers},
	year         = {2016}
}

@inproceedings{DBLP:conf/emnlp/TrischlerYYBSS16,
	author       = {Adam Trischler and
	Zheng Ye and
	Xingdi Yuan and
	Philip Bachman and
	Alessandro Sordoni and
	Kaheer Suleman},
	title        = {Natural Language Comprehension with the EpiReader},
	booktitle    = {Proceedings of the 2016 Conference on Empirical Methods in Natural
	Language Processing, {EMNLP} 2016, Austin, Texas, USA, November 1-4,
	2016},
	pages        = {128--137},
	year         = {2016}
}

@inproceedings{DBLP:conf/iclr/SeoKFH17,
	author       = {Min Joon Seo and
	Aniruddha Kembhavi and
	Ali Farhadi and
	Hannaneh Hajishirzi},
	title        = {Bidirectional Attention Flow for Machine Comprehension},
	booktitle    = {5th International Conference on Learning Representations, {ICLR} 2017,
	Toulon, France, April 24-26, 2017, Conference Track Proceedings},
	year         = {2017}
}

@inproceedings{DBLP:conf/acl/JoshiCWZ17,
	author    = {Mandar Joshi and
	Eunsol Choi and
	Daniel S. Weld and
	Luke Zettlemoyer},
	title     = {TriviaQA: {A} Large Scale Distantly Supervised Challenge Dataset for
	Reading Comprehension},
	booktitle = {Proceedings of the 55th Annual Meeting of the Association for Computational
	Linguistics, {ACL} 2017, Vancouver, Canada, July 30 - August 4, Volume
	1: Long Papers},
	pages     = {1601--1611},
	year      = {2017}
}

@article{DBLP:journals/corr/DunnSHGCC17,
	author    = {Matthew Dunn and
	Levent Sagun and
	Mike Higgins and
	V. Ugur G{\"{u}}ney and
	Volkan Cirik and
	Kyunghyun Cho},
	title     = {SearchQA: {A} New Q{\&}A Dataset Augmented with Context from a
	Search Engine},
	journal   = {CoRR},
	volume    = {abs/1704.05179},
	year      = {2017}
}

@inproceedings{DBLP:conf/emnlp/ChoiHIYYCLZ18,
	author    = {Eunsol Choi and
	He He and
	Mohit Iyyer and
	Mark Yatskar and
	Wen{-}tau Yih and
	Yejin Choi and
	Percy Liang and
	Luke Zettlemoyer},
	title     = {QuAC: Question Answering in Context},
	booktitle = {Proceedings of the 2018 Conference on Empirical Methods in Natural
	Language Processing, Brussels, Belgium, October 31 - November 4, 2018},
	pages     = {2174--2184},
	year      = {2018}
}



@inproceedings{yang2018hotpotqa,
	title={HotpotQA: A Dataset for Diverse, Explainable Multi-hop Question Answering},
	author={Yang, Zhilin and Qi, Peng and Zhang, Saizheng and Bengio, Yoshua and Cohen, William and Salakhutdinov, Ruslan and Manning, Christopher D},
	booktitle={Proceedings of the 2018 Conference on Empirical Methods in Natural Language Processing},
	pages={2369--2380},
	year={2018}
}

@article{DBLP:journals/tacl/KwiatkowskiPRCP19,
	author    = {Tom Kwiatkowski and
	Jennimaria Palomaki and
	Olivia Redfield and
	Michael Collins and
	Ankur P. Parikh and
	Chris Alberti and
	Danielle Epstein and
	Illia Polosukhin and
	Jacob Devlin and
	Kenton Lee and
	Kristina Toutanova and
	Llion Jones and
	Matthew Kelcey and
	Ming{-}Wei Chang and
	Andrew M. Dai and
	Jakob Uszkoreit and
	Quoc Le and
	Slav Petrov},
	title     = {Natural Questions: a Benchmark for Question Answering Research},
	journal   = {Trans. Assoc. Comput. Linguistics},
	volume    = {7},
	pages     = {452--466},
	year      = {2019}
}

@inproceedings{DBLP:conf/naacl/DuaWDSS019,
	author    = {Dheeru Dua and
	Yizhong Wang and
	Pradeep Dasigi and
	Gabriel Stanovsky and
	Sameer Singh and
	Matt Gardner},
	title     = {{DROP:} {A} Reading Comprehension Benchmark Requiring Discrete Reasoning
	Over Paragraphs},
	booktitle = {Proceedings of the 2019 Conference of the North American Chapter of
	the Association for Computational Linguistics: Human Language Technologies,
	{NAACL-HLT} 2019, Minneapolis, MN, USA, June 2-7, 2019, Volume 1 (Long
	and Short Papers)},
	pages     = {2368--2378},
	year      = {2019}
}

@inproceedings{DBLP:conf/iclr/Wang017a,
	author       = {Shuohang Wang and
	Jing Jiang},
	title        = {Machine Comprehension Using Match-LSTM and Answer Pointer},
	booktitle    = {5th International Conference on Learning Representations, {ICLR} 2017,
	Toulon, France, April 24-26, 2017, Conference Track Proceedings},
	publisher    = {OpenReview.net},
	year         = {2017}
}

@inproceedings{DBLP:conf/iclr/XiongZS17,
	author       = {Caiming Xiong and
	Victor Zhong and
	Richard Socher},
	title        = {Dynamic Coattention Networks For Question Answering},
	booktitle    = {5th International Conference on Learning Representations, {ICLR} 2017,
	Toulon, France, April 24-26, 2017, Conference Track Proceedings},
	publisher    = {OpenReview.net},
	year         = {2017}
}

@inproceedings{DBLP:conf/nips/VinyalsFJ15,
	author       = {Oriol Vinyals and
	Meire Fortunato and
	Navdeep Jaitly},
	title        = {Pointer Networks},
	booktitle    = {Advances in Neural Information Processing Systems 28: Annual Conference
	on Neural Information Processing Systems 2015, December 7-12, 2015,
	Montreal, Quebec, Canada},
	pages        = {2692--2700},
	year         = {2015}
}

@inproceedings{DBLP:conf/acl/GardnerC18,
	author       = {Christopher Clark and
	Matt Gardner},
	title        = {Simple and Effective Multi-Paragraph Reading Comprehension},
	booktitle    = {Proceedings of the 56th Annual Meeting of the Association for Computational
	Linguistics, {ACL} 2018, Melbourne, Australia, July 15-20, 2018, Volume
	1: Long Papers},
	pages        = {845--855},
	publisher    = {Association for Computational Linguistics},
	year         = {2018}
}


@article{vaswani2017attention,
	title={Attention is all you need},
	author={Vaswani, Ashish and Shazeer, Noam and Parmar, Niki and Uszkoreit, Jakob and Jones, Llion and Gomez, Aidan N and Kaiser, {\L}ukasz and Polosukhin, Illia},
	journal={Advances in neural information processing systems},
	volume={30},
	year={2017}
}

@article{DBLP:journals/tacl/ClarkPNCGCK20,
	author    = {Jonathan H. Clark and
	Jennimaria Palomaki and
	Vitaly Nikolaev and
	Eunsol Choi and
	Dan Garrette and
	Michael Collins and
	Tom Kwiatkowski},
	title     = {TyDi {QA:} {A} Benchmark for Information-Seeking Question Answering
	in Typologically Diverse Languages},
	journal   = {Trans. Assoc. Comput. Linguistics},
	volume    = {8},
	pages     = {454--470},
	year      = {2020}
}

@inproceedings{DBLP:conf/coling/JuWZZ0022,
	author    = {Yiming Ju and
	Weikang Wang and
	Yuanzhe Zhang and
	Suncong Zheng and
	Kang Liu and
	Jun Zhao},
	title     = {{CMQA:} {A} Dataset of Conditional Question Answering with Multiple-Span
	Answers},
	booktitle = {Proceedings of the 29th International Conference on Computational
	Linguistics, {COLING} 2022, Gyeongju, Republic of Korea, October 12-17,
	2022},
	pages     = {1697--1707},
	year      = {2022}
}

@article{zaheer2020big,
	title={Big bird: Transformers for longer sequences},
	author={Zaheer, Manzil and Guruganesh, Guru and Dubey, Kumar Avinava and Ainslie, Joshua and Alberti, Chris and Ontanon, Santiago and Pham, Philip and Ravula, Anirudh and Wang, Qifan and Yang, Li and others},
	journal={Advances in neural information processing systems},
	volume={33},
	pages={17283--17297},
	year={2020}
}
@inproceedings{DBLP:conf/emnlp/DasigiLMSG19,
	author    = {Pradeep Dasigi and
	Nelson F. Liu and
	Ana Marasovic and
	Noah A. Smith and
	Matt Gardner},
	title     = {Quoref: {A} Reading Comprehension Dataset with Questions Requiring
	Coreferential Reasoning},
	booktitle = {Proceedings of the 2019 Conference on Empirical Methods in Natural
	Language Processing and the 9th International Joint Conference on
	Natural Language Processing, {EMNLP-IJCNLP} 2019, Hong Kong, China,
	November 3-7, 2019},
	pages     = {5924--5931},
	year      = {2019}
}
@inproceedings{DBLP:conf/naacl/DevlinCLT19,
	author    = {Jacob Devlin and
	Ming{-}Wei Chang and
	Kenton Lee and
	Kristina Toutanova},
	title     = {{BERT:} Pre-training of Deep Bidirectional Transformers for Language
	Understanding},
	booktitle = {Proceedings of the 2019 Conference of the North American Chapter of
	the Association for Computational Linguistics: Human Language Technologies,
	{NAACL-HLT} 2019, Minneapolis, MN, USA, June 2-7, 2019, Volume 1 (Long
	and Short Papers)},
	pages     = {4171--4186},
	year      = {2019}
}

@article{yoo2021gpt3mix,
  title={GPT3Mix: Leveraging large-scale language models for text augmentation},
  author={Yoo, Kang Min and Park, Dongju and Kang, Jaewook and Lee, Sang-Woo and Park, Woomyeong},
  journal={arXiv preprint arXiv:2104.08826},
  year={2021}
}
@article{liu2021generated,
  title={Generated knowledge prompting for commonsense reasoning},
  author={Liu, Jiacheng and Liu, Alisa and Lu, Ximing and Welleck, Sean and West, Peter and Bras, Ronan Le and Choi, Yejin and Hajishirzi, Hannaneh},
  journal={arXiv preprint arXiv:2110.08387},
  year={2021}
}
@article{liu2022rainier,
  title={Rainier: Reinforced knowledge introspector for commonsense question answering},
  author={Liu, Jiacheng and Hallinan, Skyler and Lu, Ximing and He, Pengfei and Welleck, Sean and Hajishirzi, Hannaneh and Choi, Yejin},
  journal={arXiv preprint arXiv:2210.03078},
  year={2022}
}
@article{yu2022generate,
  title={Generate rather than retrieve: Large language models are strong context generators},
  author={Yu, Wenhao and Iter, Dan and Wang, Shuohang and Xu, Yichong and Ju, Mingxuan and Sanyal, Soumya and Zhu, Chenguang and Zeng, Michael and Jiang, Meng},
  journal={arXiv preprint arXiv:2209.10063},
  year={2022}
}
@article{huang2023enhancing,
  title={Enhancing In-Context Learning with Answer Feedback for Multi-Span Question Answering},
  author={Huang, Zixian and Zhou, Jiaying and Xiao, Gengyang and Cheng, Gong},
  journal={arXiv preprint arXiv:2306.04508},
  year={2023}
}
@article{ren2023investigating,
  title={Investigating the factual knowledge boundary of large language models with retrieval augmentation},
  author={Ren, Ruiyang and Wang, Yuhao and Qu, Yingqi and Zhao, Wayne Xin and Liu, Jing and Tian, Hao and Wu, Hua and Wen, Ji-Rong and Wang, Haifeng},
  journal={arXiv preprint arXiv:2307.11019},
  year={2023}
}
@article{shao2023enhancing,
  title={Enhancing Retrieval-Augmented Large Language Models with Iterative Retrieval-Generation Synergy},
  author={Shao, Zhihong and Gong, Yeyun and Shen, Yelong and Huang, Minlie and Duan, Nan and Chen, Weizhu},
  journal={arXiv preprint arXiv:2305.15294},
  year={2023}
}
@inproceedings{tan2023can,
  title={Can ChatGPT Replace Traditional KBQA Models? An In-Depth Analysis of the Question Answering Performance of the GPT LLM Family},
  author={Tan, Yiming and Min, Dehai and Li, Yu and Li, Wenbo and Hu, Nan and Chen, Yongrui and Qi, Guilin},
  booktitle={International Semantic Web Conference},
  pages={348--367},
  year={2023},
  organization={Springer}
}
@article{zhang2023many,
  title={How Many Answers Should I Give? An Empirical Study of Multi-Answer Reading Comprehension},
  author={Zhang, Chen and Lin, Jiuheng and Liu, Xiao and Lai, Yuxuan and Feng, Yansong and Zhao, Dongyan},
  journal={arXiv preprint arXiv:2306.00435},
  year={2023}
}
@misc{dai2023auggpt,
      title={AugGPT: Leveraging ChatGPT for Text Data Augmentation}, 
      author={Haixing Dai and Zhengliang Liu and Wenxiong Liao and Xiaoke Huang and Yihan Cao and Zihao Wu and Lin Zhao and Shaochen Xu and Wei Liu and Ninghao Liu and Sheng Li and Dajiang Zhu and Hongmin Cai and Lichao Sun and Quanzheng Li and Dinggang Shen and Tianming Liu and Xiang Li},
      year={2023},
      eprint={2302.13007},
      archivePrefix={arXiv},
      primaryClass={cs.CL}
}
@article{wei2023zero,
  title={Zero-shot information extraction via chatting with chatgpt},
  author={Wei, Xiang and Cui, Xingyu and Cheng, Ning and Wang, Xiaobin and Zhang, Xin and Huang, Shen and Xie, Pengjun and Xu, Jinan and Chen, Yufeng and Zhang, Meishan and others},
  journal={arXiv preprint arXiv:2302.10205},
  year={2023}
}
@misc{liu2023once,
      title={ONCE: Boosting Content-based Recommendation with Both Open- and Closed-source Large Language Models}, 
      author={Qijiong Liu and Nuo Chen and Tetsuya Sakai and Xiao-Ming Wu},
      year={2023},
      eprint={2305.06566},
      archivePrefix={arXiv},
      primaryClass={cs.IR}
}
@article{fang2021leveraging,
  title={Leveraging knowledge in multilingual commonsense reasoning},
  author={Fang, Yuwei and Wang, Shuohang and Xu, Yichong and Xu, Ruochen and Sun, Siqi and Zhu, Chenguang and Zeng, Michael},
  journal={arXiv preprint arXiv:2110.08462},
  year={2021}
}
@article{liu2021generated,
  title={Generated knowledge prompting for commonsense reasoning},
  author={Liu, Jiacheng and Liu, Alisa and Lu, Ximing and Welleck, Sean and West, Peter and Bras, Ronan Le and Choi, Yejin and Hajishirzi, Hannaneh},
  journal={arXiv preprint arXiv:2110.08387},
  year={2021}
>>>>>>> 14af3a787717720ea39cd58099013268fd5004a2
}